<collection xmlns="http://www.loc.gov/MARC21/slim">
<record>
  <leader>01179nam0a22001931i 450 </leader>
  <controlfield tag="001">IT\ICCU\CNCE\079762</controlfield>
  <controlfield tag="005">20171110000000.0</controlfield>
  <datafield tag="012" ind1=" " ind2=" ">
    <subfield code="a">hete iola Lie- negu (3) 1597 (A)</subfield>
    <subfield code="2">fei</subfield>
  </datafield>
  <datafield tag="100" ind1=" " ind2=" ">
    <subfield code="a">20171110d1597        0itac0103    ba</subfield>
  </datafield>
  <datafield tag="101" ind1=" " ind2=" ">
    <subfield code="a">ITA</subfield>
  </datafield>
  <datafield tag="102" ind1=" " ind2=" ">
    <subfield code="a">GB</subfield>
  </datafield>
  <datafield tag="200" ind1="1" ind2=" ">
    <subfield code="a">Militia del gran duca di Thoscana. Capitoli, ordini &amp; priuilegij della militia &amp; bande di sua altezza serenissima prima cosi ordinati dalla buona &amp; felice memoria di Cosimo primo gran duca di Thoscana, et di poi corroborati da i successori suoi figliuoli. Con laggiunta dei nuoui capitoli &amp; priuilegij concessi dallo illustrissimo &amp; eccellentissimo signor don Francesco principe di Fiorenza &amp; di Siena pur suo figliuolo alla nuoua militia de i caualli armati alla leggiera fino dallanno 1566</subfield>
  </datafield>
  <datafield tag="210" ind1=" " ind2=" ">
    <subfield code="d">1597</subfield>
  </datafield>
  <datafield tag="215" ind1=" " ind2=" ">
    <subfield code="a">\8!, 57, \3! p.</subfield>
    <subfield code="d">4ʻ</subfield>
  </datafield>
  <datafield tag="300" ind1=" " ind2=" ">
    <subfield code="a">Stampato a Londra da Richard Field, cfr.: Short-title catalogue of books printed in Italy and of Italian books printed in other countries from 1465 to 1600 now in the British Library, 702</subfield>
  </datafield>
  <datafield tag="620" ind1=" " ind2=" ">
    <subfield code="a">GB</subfield>
    <subfield code="d">Londra</subfield>
  </datafield>
  <datafield tag="712" ind1="0" ind2="0">
    <subfield code="a">Field, Richard</subfield>
    <subfield code="3">IT\ICCU\CNCT\006524</subfield>
    <subfield code="4">650</subfield>
  </datafield>
  <datafield tag="801" ind1=" " ind2="3">
    <subfield code="a">IT</subfield>
    <subfield code="b">ICCU</subfield>
    <subfield code="c">20201115</subfield>
  </datafield>
  <datafield tag="899" ind1=" " ind2=" ">
    <subfield code="a">British Library. London</subfield>
    <subfield code="z">MUTILO</subfield>
    <subfield code="1">UK0001</subfield>
  </datafield>
</record>
</collection>
